<marc:record>
<marc:leader>02975cam a2200517 a 4500</marc:leader>
<marc:controlfield tag="001">341603</marc:controlfield>
<marc:controlfield tag="005">20130319184615.0</marc:controlfield>
<marc:controlfield tag="008">860819s1782    enk           00001 eng d</marc:controlfield>
<marc:datafield ind1=" " ind2=" " tag="035">
<marc:subfield code="a">(PUVoyagerBIBID)102340</marc:subfield>
</marc:datafield>
<marc:datafield ind1=" " ind2=" " tag="035">
<marc:subfield code="a">(CStRLIN)PAUG86-B35943</marc:subfield>
</marc:datafield>
<marc:datafield ind1=" " ind2=" " tag="035">
<marc:subfield code="a">(CaOTULAS)146829772</marc:subfield>
</marc:datafield>
<marc:datafield ind1=" " ind2=" " tag="035">
<marc:subfield code="9">AAP7148</marc:subfield>
</marc:datafield>
<marc:datafield ind1=" " ind2=" " tag="035">
<marc:subfield code="a">(MediadbVoyBIBID)341603</marc:subfield>
</marc:datafield>
<marc:datafield ind1=" " ind2=" " tag="035">
<marc:subfield code="a">(END)sm_pr3991_a1_p45_1782_v1</marc:subfield>
</marc:datafield>
<marc:datafield ind1=" " ind2=" " tag="035">
<marc:subfield code="a">(END)sm_pr3991_a1_p45_1782_v2</marc:subfield>
</marc:datafield>
<marc:datafield ind1=" " ind2=" " tag="040">
<marc:subfield code="a">CtY-BR</marc:subfield>
<marc:subfield code="d">CtY-BR</marc:subfield>
<marc:subfield code="d">PU</marc:subfield>
</marc:datafield>
<marc:datafield ind1=" " ind2=" " tag="090">
<marc:subfield code="a">PR3991.A1</marc:subfield>
<marc:subfield code="b">P45 1782</marc:subfield>
<marc:subfield code="i">08/19/86 CT</marc:subfield>
</marc:datafield>
<marc:datafield ind1="0" ind2="4" tag="245">
<marc:subfield code="a">The Philosophical Quixote, or, Memoirs of Mr. David Wilkins :</marc:subfield>
<marc:subfield code="b">in a series of letters.</marc:subfield>
</marc:datafield>
<marc:datafield ind1="3" ind2="0" tag="246">
<marc:subfield code="a">Memoirs of Mr. David Wilkins</marc:subfield>
</marc:datafield>
<marc:datafield ind1=" " ind2=" " tag="246">
<marc:subfield code="a">The philosophical Quixote; or, memoirs of Mr. David Wilkins. In a series of letters Vol. I.</marc:subfield>
<marc:subfield code="d">Letter-press</marc:subfield>
<marc:subfield code="x">Volume</marc:subfield>
<marc:subfield code="g">Full</marc:subfield>
<marc:subfield code="v">v.1</marc:subfield>
</marc:datafield>
<marc:datafield ind1=" " ind2=" " tag="246">
<marc:subfield code="a">The philosophical Quixote; or, memoirs of Mr. David Wilkins. In a series of letters Vol. II.</marc:subfield>
<marc:subfield code="d">Letter-press</marc:subfield>
<marc:subfield code="x">Volume</marc:subfield>
<marc:subfield code="g">Full</marc:subfield>
<marc:subfield code="v">v.2</marc:subfield>
</marc:datafield>
<marc:datafield ind1="0" ind2="7" tag="246">
<marc:subfield code="a">Philosophical Quixotte [sic].</marc:subfield>
<marc:subfield code="v">v.1</marc:subfield>
<marc:subfield code="v">v.2</marc:subfield>
</marc:datafield>
<marc:datafield ind1="0" ind2="7" tag="246">
<marc:subfield code="a">Philosophical (verso)</marc:subfield>
<marc:subfield code="a">Quixotte [sic]. (recto)</marc:subfield>
<marc:subfield code="v">v.1</marc:subfield>
<marc:subfield code="v">v.2</marc:subfield>
</marc:datafield>
<marc:datafield ind1="0" ind2=" " tag="260">
<marc:subfield code="a">London</marc:subfield>
<marc:subfield code="b">Printed for J. Johnson, in St. Paul's Church-yard,</marc:subfield>
<marc:subfield code="c">MDCCLXXXII.</marc:subfield>
<marc:subfield code="v">v.1</marc:subfield>
<marc:subfield code="v">v.2</marc:subfield>
<marc:subfield code="a">[London]</marc:subfield>
</marc:datafield>
<marc:datafield ind1=" " ind2=" " tag="300">
<marc:subfield code="a">2 v. ;</marc:subfield>
<marc:subfield code="c">17 cm. (8vo)</marc:subfield>
<marc:subfield code="x">Octavo</marc:subfield>
<marc:subfield code="a">[2 v.]</marc:subfield>
</marc:datafield>
<marc:datafield ind1=" " ind2=" " tag="500">
<marc:subfield code="a">End of second volume seems incomplete: the last sentence reads ""After a long pause, with visible emotions of agony and distress, he answered me in the manner following."" followed by, ""End of the second volume."</marc:subfield>
</marc:datafield>
<marc:datafield ind1="4" ind2=" " tag="510">
<marc:subfield code="a">ESTC (RLIN)</marc:subfield>
<marc:subfield code="c">T107041</marc:subfield>
</marc:datafield>
<marc:datafield ind1="4" ind2=" " tag="510">
<marc:subfield code="a">English novel, 1770-1829,</marc:subfield>
<marc:subfield code="c">1782:9</marc:subfield>
</marc:datafield>
<marc:datafield ind1="4" ind2=" " tag="510">
<marc:subfield code="a">Block, A.  Engl. novel,</marc:subfield>
<marc:subfield code="c">p. 183</marc:subfield>
</marc:datafield>
<marc:datafield ind1=" " ind2=" " tag="520">
<marc:subfield code="a">Preface</marc:subfield>
<marc:subfield code="b">Preface.</marc:subfield>
<marc:subfield code="c">Front</marc:subfield>
<marc:subfield code="v">v.1</marc:subfield>
<marc:subfield code="x">Contains errata at the end, integrated into the text of the preface.</marc:subfield>
</marc:datafield>
<marc:datafield ind1=" " ind2=" " tag="592">
<marc:subfield code="a">Epistolary</marc:subfield>
<marc:subfield code="x">Contains some footnotes.</marc:subfield>
</marc:datafield>
<marc:datafield ind1=" " ind2=" " tag="599">
<marc:subfield code="a">Editor (text)</marc:subfield>
<marc:subfield code="b">Generic/Descriptive</marc:subfield>
<marc:subfield code="2">The editor.</marc:subfield>
<marc:subfield code="3">Preface</marc:subfield>
<marc:subfield code="5">Indeterminate</marc:subfield>
<marc:subfield code="6">Unknown</marc:subfield>
<marc:subfield code="7">Comment on editor's anonymity: ""Should this [the pardon of Mr. Dennis and his correspondent for publishing their letters], however, not be obtained, I shall at least escape their personal resentment, as it will not be possible for them to discover, with certainty, who it is that has thus published their letters."</marc:subfield>
</marc:datafield>
<marc:datafield ind1=" " ind2=" " tag="599">
<marc:subfield code="a">Author (paratext)</marc:subfield>
<marc:subfield code="b">Generic/Descriptive</marc:subfield>
<marc:subfield code="2">The editor.</marc:subfield>
<marc:subfield code="3">Preface</marc:subfield>
<marc:subfield code="5">Indeterminate</marc:subfield>
<marc:subfield code="6">Unknown</marc:subfield>
</marc:datafield>
<marc:datafield ind1=" " ind2="4" tag="650">
<marc:subfield code="a">CHR 1782</marc:subfield>
</marc:datafield>
<marc:datafield ind1=" " ind2="4" tag="650">
<marc:subfield code="a">PRO Mendenhall, John C. (donor)</marc:subfield>
</marc:datafield>
<marc:datafield ind1=" " ind2=" " tag="700">
<marc:subfield code="a">Johnson, Joseph</marc:subfield>
<marc:subfield code="d">1738-1809</marc:subfield>
<marc:subfield code="4">Printed for</marc:subfield>
<marc:subfield code="5">Authorized</marc:subfield>
</marc:datafield>
<marc:datafield ind1=" " ind2=" " tag="710">
<marc:subfield code="a">J. Johnson</marc:subfield>
<marc:subfield code="4">Printed for</marc:subfield>
<marc:subfield code="5">Authorized</marc:subfield>
</marc:datafield>
<marc:datafield ind1="2" ind2=" " tag="710">
<marc:subfield code="a">Collection of British and American Fiction, 1660-1830 (University of Pennsylvania)</marc:subfield>
</marc:datafield>
<marc:datafield ind1="2" ind2=" " tag="710">
<marc:subfield code="a">Early Novels</marc:subfield>
<marc:subfield code="5">University of Pennsylvania</marc:subfield>
</marc:datafield>
<marc:datafield ind1="0" ind2="1" tag="852">
<marc:subfield code="b">scsing</marc:subfield>
<marc:subfield code="t">1</marc:subfield>
<marc:subfield code="h">PR3991.A1</marc:subfield>
<marc:subfield code="i">P45 1782</marc:subfield>
</marc:datafield>
<marc:datafield ind1="3" ind2="0" tag="866">
<marc:subfield code="8">0</marc:subfield>
<marc:subfield code="a">2 v.</marc:subfield>
</marc:datafield>
<marc:datafield ind1="3" ind2="0" tag="866">
<marc:subfield code="8">0</marc:subfield>
<marc:subfield code="a">(v.1-2); id=9999</marc:subfield>
</marc:datafield>
<marc:datafield ind1=" " ind2=" " tag="950">
<marc:subfield code="l">RBC</marc:subfield>
<marc:subfield code="e">\\\\\\\\Singer-\\\\Menden-\\\\hall\\\\</marc:subfield>
<marc:subfield code="v">2 v.</marc:subfield>
<marc:subfield code="i">08/19/86 C</marc:subfield>
</marc:datafield>
<marc:datafield ind1=" " ind2=" " tag="955">
<marc:subfield code="l">RBC</marc:subfield>
<marc:subfield code="c">1:(v.1-2)</marc:subfield>
<marc:subfield code="q">50-1095</marc:subfield>
<marc:subfield code="q">g. Dr. John C. Mendenhall</marc:subfield>
<marc:subfield code="i">08/19/86 C</marc:subfield>
</marc:datafield>
<marc:datafield ind1=" " ind2=" " tag="989">
<marc:subfield code="2">Memoir</marc:subfield>
<marc:subfield code="2">Mr.</marc:subfield>
<marc:subfield code="2">Series</marc:subfield>
<marc:subfield code="2">Letter</marc:subfield>
<marc:subfield code="5">Quixote</marc:subfield>
<marc:subfield code="5">Mr. David Wilkins</marc:subfield>
<marc:subfield code="v">v.1</marc:subfield>
<marc:subfield code="v">v.2</marc:subfield>
</marc:datafield>
<marc:datafield ind1=" " ind2=" " tag="999">
<marc:subfield code="a">MJR</marc:subfield>
<marc:subfield code="b">6/24/11</marc:subfield>
</marc:datafield>
</marc:record>